<?xml version="1.0" encoding="UTF-8"?><collection xmlns="http://www.loc.gov/MARC21/slim"><record><leader>00444nam--2200133-i-4500</leader><controlfield tag="001">000039124</controlfield><controlfield tag="002">20161230</controlfield><controlfield tag="005">20161230201042</controlfield><controlfield tag="008">060222s1000------------r-----000-0-eng-d</controlfield><datafield ind1=" " ind2=" " tag="080"><subfield code="a">621.38(043):530.16(043)</subfield></datafield><datafield ind1=" " ind2=" " tag="100"><subfield code="a">Rigaud,Andre</subfield></datafield><datafield ind1=" " ind2=" " tag="245"><subfield code="a">Contribution a l`etude theorique du bruit de fond par la methode du champ d`impedance generalise</subfield></datafield><datafield ind1=" " ind2=" " tag="260"><subfield code="a">Languedoc, L`Univ.Des Sciences Et Techniques Du Languedoc, 1972. Vi + 79 P</subfield></datafield><datafield ind1=" " ind2=" " tag="852"><subfield code="a">40356</subfield></datafield></record></collection>